@inproceedings{valgren2007sift,
  title={SIFT, SURF and Seasons: Long-term Outdoor Localization Using Local Features.},
  author={Valgren, Christoffer and Lilienthal, Achim J},
  booktitle={EMCR},
  year={2007}
}

@article{thrun2002robotic,
  title={Robotic mapping: A survey},
  author={Thrun, Sebastian and others},
  journal={Exploring artificial intelligence in the new millennium},
  volume={1},
  pages={1--35},
  year={2002}
}

@inproceedings{agrawal2006real,
  title={Real-time localization in outdoor environments using stereo vision and inexpensive gps},
  author={Agrawal, Motilal and Konolige, Kurt},
  booktitle={18th International Conference on Pattern Recognition (ICPR'06)},
  volume={3},
  pages={1063--1068},
  year={2006},
  organization={IEEE}
}

@inproceedings{irie2010mobile,
  title={Mobile robot localization using stereo vision in outdoor environments under various illumination conditions},
  author={Irie, Kiyoshi and Yoshida, Tomoaki and Tomono, Masahiro},
  booktitle={Intelligent Robots and Systems (IROS), 2010 IEEE/RSJ International Conference on},
  pages={5175--5181},
  year={2010},
  organization={IEEE}
}

@article{sift,
  title={Distinctive image features from scale-invariant keypoints},
  author={Lowe, David G},
  journal={International journal of computer vision},
  volume={60},
  number={2},
  pages={91--110},
  year={2004},
  publisher={Springer}
}

@inproceedings{surf,
  title={Surf: Speeded up robust features},
  author={Bay, Herbert and Tuytelaars, Tinne and Van Gool, Luc},
  booktitle={European conference on computer vision},
  pages={404--417},
  year={2006},
  organization={Springer}
}

@INPROCEEDINGS{Harris,
    author = {Chris Harris and Mike Stephens},
    title = {A combined corner and edge detector},
    booktitle = {In Proc. of Fourth Alvey Vision Conference},
    year = {1988},
    pages = {147--151}
}

@article{Kalman, 
    Author = {Kalman, Rudolph Emil},
    Title = {A New Approach to Linear Filtering and Prediction Problems},
    Journal = {Transactions of the ASME--Journal of Basic Engineering},
    Volume = {82},
    Number = {Series D},
    Pages = {35--45},
    Year = {1960}
}

@incollection{AlexNet,
title = {ImageNet Classification with Deep Convolutional Neural Networks},
author = {Alex Krizhevsky and Sutskever, Ilya and Geoffrey E. Hinton},
booktitle = {Advances in Neural Information Processing Systems 25},
editor = {F. Pereira and C. J. C. Burges and L. Bottou and K. Q. Weinberger},
pages = {1097--1105},
year = {2012},
publisher = {Curran Associates, Inc.},
url = {http://papers.nips.cc/paper/4824-imagenet-classification-with-deep-convolutional-neural-networks.pdf}
}

@inproceedings{cobot,
  title={Cobots: Collaborative robots servicing multi-floor buildings},
  author={Veloso, Manuela and Biswas, Joydeep and Coltin, Brian and Rosenthal, Stephanie and Kollar, Tom and Mericli, Cetin and Samadi, Mehdi and Brandao, Susana and Ventura, Rodrigo},
  booktitle={2012 IEEE/RSJ International Conference on Intelligent Robots and Systems},
  pages={5446--5447},
  year={2012},
  organization={IEEE}
}

@unpublished{deeplearningbook,
    title={Deep Learning},
    author={Ian Goodfellow Yoshua Bengio and Aaron Courville},
    note={Book in preparation for MIT Press},
    url={http://www.deeplearningbook.org},
    year={2016}
}

@inproceedings{thrun2002particle,
  title={Particle filters in robotics},
  author={Thrun, Sebastian},
  booktitle={Proceedings of the Eighteenth conference on Uncertainty in artificial intelligence},
  pages={511--518},
  year={2002},
  organization={Morgan Kaufmann Publishers Inc.}
}

@inproceedings{laser_range,
  title={A comparison of line extraction algorithms using 2D laser rangefinder for indoor mobile robotics},
  author={Nguyen, Viet and Martinelli, Agostino and Tomatis, Nicola and Siegwart, Roland},
  booktitle={2005 IEEE/RSJ International Conference on Intelligent Robots and Systems},
  pages={1929--1934},
  year={2005},
  organization={IEEE}
}